4792 5917
1791 373 1855 441 N
1858 374 2138 444 OTIOE
2182 364 2903 448 PRELIMINAIRE.
2959 449 2972 461 ,

331 567 494 651 ipsis
538 588 785 652 quoque
824 565 1069 634 vocibus
1109 567 1168 630 et
1207 565 1528 630 sententiis
1569 566 1973 644 enarrandis,
2016 572 2075 632 et
2114 569 2365 650 quidem
2405 570 2733 652 imprimis
2773 573 2847 639 in
2883 572 3082 642 buius
3120 577 3580 659 disputationis
3620 587 3787 649 statu
3815 586 4238 669 proponendo,
4284 589 4354 655 in

330 669 468 733 eius
514 671 812 752 partimn
854 672 1306 760 distributione,
1365 677 1437 741 in
1478 682 1987 761 arymentonm
2028 680 2193 745 inter
2233 701 2300 746 se
2338 683 2806 749 contrariorum
2845 690 3307 768 comparatione
3346 694 3678 772 tradenda,
3731 697 3941 764 mirus
3981 699 4082 766 bic
4123 700 4355 782 artifex

322 786 685 867 plurimum
723 787 1126 870 praestitisse
1165 789 1596 870 comperietur,
1638 794 1943 872 quantum
1986 792 2236 873 quidem
2277 794 2417 874 ipse
2455 795 2772 861 auditores
2812 817 2963 864 suos
3003 799 3228 866 honam
3271 823 3404 869 esse
3445 824 3706 888 capaces
3743 811 4150 892 existimavit,
4192 833 4352 896 quae

328 899 716 966 commodius
759 899 1005 982 alioqui
1045 904 1103 965 et
1138 900 1397 984 plenius
1440 902 1511 969 in
1553 900 1761 968 schola
1804 920 1995 985 quam
2039 903 2111 973 in
2152 906 2462 970 communi
2502 908 2697 985 totius
2738 909 3027 976 ecclesiae
3067 917 3237 979 coetu
3276 913 3482 981 doceri
3521 927 3978 989 corisueverunt.
4073 925 4249 1008 Quod
4288 929 4352 995 si

330 1011 900 1077 tamenbassuas
949 1012 1639 1096 concionesabipsius
1692 1014 1995 1095 loquentis
2049 1016 2367 1083 oreniira
2421 1019 2697 1100 Quadam
2751 1022 3081 1102 scriptoris
3134 1025 3468 1095 cuiusdam
3523 1029 3828 1099 celeritate
3880 1041 4162 1119 aeceffias
4217 1040 4350 1121 ipsi

329 1122 596 1207 releyere
638 1129 697 1189 et
740 1124 1021 1206 empolire
1075 1124 1358 1192 licuisset
1400 1130 1514 1193 ant
1554 1125 1869 1205 libuisset,
1924 1127 2265 1210 perfectius
2305 1131 2590 1212 profecto
2630 1136 2686 1196 et
2726 1131 3046 1201 illustrius
3097 1136 3276 1203 istud
3316 1158 3496 1222 opus-
3523 1139 3926 1227 haberemus,
3980 1166 4103 1228 quo
4143 1154 4349 1217 tamen

330 1258 541 1305 carere
586 1237 862 1322 profecto
902 1256 1028 1302 non
1069 1236 1278 1303 debuit
1319 1236 1590 1303 ecelesia.
1680 1236 1914 1304 Editoe
1953 1244 2101 1304 sunt
2141 1240 2342 1323 iyitnr
2383 1242 2517 1306 iam
2561 1244 2817 1324 pridem
2866 1245 3136 1328 yallioae
3181 1248 3341 1315 istae
3381 1254 3717 1335 conciones,
3775 1277 3903 1323 non
3943 1257 4153 1341 ipsius
4194 1267 4350 1330 cene

333 1349 589 1417 Calvini
644 1350 981 1430 voluntate,
1044 1348 1155 1431 qui
1210 1349 1367 1415 illas
1419 1349 1545 1415 sibi
1599 1348 1765 1416 velut
1826 1352 2182 1433 extorqueri
2238 1352 2597 1434 testabatur,
2662 1356 2773 1422 sed
2827 1357 3200 1443 colleyarum
3259 1361 3473 1445 wsius
3526 1366 3791 1452 iudicio,
3854 1374 3913 1434 et
3967 1390 4179 1438 eorum
4232 1378 4347 1458 qui

329 1464 671 1547 loquentem
712 1462 901 1527 illum
942 1460 1277 1527 audierant
1320 1460 1777 1545 efflayitatione.
1871 1462 2089 1545 Neque
2130 1463 2202 1529 id
2243 1484 2387 1529 vero
2429 1470 2657 1531 temere
2695 1468 2933 1571 factum
2971 1469 3176 1553 fuisse
3215 1492 3322 1537 res
3364 1474 3515 1555 ipsa
3552 1497 3701 1543 mox
3742 1481 4021 1565 ostendit,
4064 1487 4346 1555 maxiono

327 1596 464 1641 cum
509 1573 1077 1641 remotissimarum
1117 1572 1305 1638 etiam
1343 1570 1722 1656 yaaioarum
1763 1573 2162 1639 eeclesiarum
2201 1574 2435 1657 fructu,
2489 1577 2717 1659 quibus
2758 1599 2952 1662 usque
2993 1582 3147 1647 adeo
3192 1586 3506 1667 privatim
3549 1593 3608 1654 et
3651 1588 3902 1670 publice
3945 1590 4343 1682 placuerunt,

327 1693 396 1752 nt
428 1687 744 1771 plurimis
786 1688 858 1753 in
898 1684 1069 1770 loeis,
1111 1683 1339 1771 quibus
1381 1685 1737 1768 quotidiani
1767 1691 2059 1768 pastores
2099 1686 2373 1771 deerant,
2417 1690 2729 1755 conciones
2769 1692 2926 1758 istae
2966 1693 3038 1757 in
3080 1699 3394 1764 communi
3433 1704 3608 1765 coetu
3647 1720 3726 1766 ex
3755 1704 4012 1789 pulpito
4050 1710 4345 1778 recitatae

313 1806 649 1883 pastorum
706 1799 836 1864 vice
887 1798 1158 1881 fuerint,
1216 1801 1275 1863 et
1324 1816 1491 1862 nune
1546 1817 1782 1879 quoque
1839 1798 2213 1880 asperrimis
2265 1799 2412 1865 istis
2468 1801 2843 1884 temporibus
2891 1803 3218 1885 plurimae
3274 1808 3347 1873 in
3412 1810 3633 1877 Gallia
3689 1817 3821 1880 tum
3873 1817 4155 1886 ecclesiae
4205 1827 4340 1888 tum

319 1911 613 1994 familiae
671 1930 887 1978 eorum
942 1909 1409 1991 confirmatione
1463 1909 1726 1991 mirifice
1785 1908 2249 1989 confirmentur.
2352 1912 2542 1979 Istud
2596 1933 2737 1978 vero
2796 1914 2883 1979 ad
2937 1935 3060 1982 nos
3110 1918 3431 2002 perlatum
3495 1943 3703 1991 secum
3744 1930 4095 2010 expendens
4134 1936 4341 2000 noster

326 2022 655 2110 Pyramus
696 2022 1026 2106 Oandolla,
1086 2020 1418 2088 Eustatliii
1475 2020 1795 2106 Viynonis,
1855 2043 1898 2087 a
1937 2042 2063 2105 qno
2114 2023 2250 2105 fere
2298 2024 2654 2095 unoedita
2706 2029 2855 2091 sunt
2906 2028 3120 2097 omma
3173 2030 3382 2098 latina
3426 2032 3681 2103 Calvina
3716 2041 4001 2126 empta,
4054 2064 4244 2127 ,coner
4284 2051 4341 2112 et

319 2139 518 2204 soceri
560 2139 632 2203 in
674 2136 991 2203 mandas
1030 2136 1128 2200 rei
1170 2133 1490 2200 literoriae
1528 2133 1736 2200 studio
1776 2155 2107 2215 successor,
2161 2155 2383 2220 umere
2423 2156 2549 2203 non
2588 2137 2823 2204 destitit
2864 2139 3136 2209 latinam
3177 2162 3404 2210 earum
3440 2145 3785 2229 editionem,
3835 2151 4128 2234 futurum
4167 2157 4335 2227 vide.

321 2245 1659 2334 licetsperansutaeteraequoquoelonqe
1718 2246 2292 2330 latequeeoclesiae
2344 2246 2735 2328 orthodooeae,
2788 2249 3495 2338 fnestracmpantibus
3549 2259 3809 2342 uiridis,
3867 2262 4149 2348 leyendis
4201 2267 4337 2335 iltis

327 2364 585 2447 mirifice
627 2368 764 2428 tum
800 2362 1169 2429 delectentur
1198 2364 1344 2425 -tnm
1384 2357 1471 2425 ad
1511 2361 1835 2427 veritatem
1872 2362 2219 2426 constanter
2259 2360 2649 2431 retinendam
2687 2361 3050 2433 incitentur.
3140 2364 3302 2433 Sunt
3344 2368 3543 2453 iqitur
3584 2369 3780 2457 (quod
3819 2373 4335 2459 tibi,-cbristiane

326 2476 960 2559 lectorquisquises,
1016 2472 1178 2556 felice
1232 2490 1311 2537 ac
1358 2469 1797 2558 foustumsit)
1849 2471 2163 2538 conciones
2216 2470 2879 2542 iumaduobusad
2930 2474 3241 2558 hocopus
3288 2482 3746 2563 praestandum
3797 2485 4333 2570 delectispiiset

320 2590 513 2657 doctis
553 2588 719 2656 viris
761 2589 833 2653 in
874 2586 1146 2652 latinum
1186 2604 1544 2665 sermonem,
1586 2584 1649 2669 si
1689 2602 1818 2650 non
1858 2604 1935 2650 ea
1976 2604 2105 2666 qua
2147 2586 2422 2669 oportuit
2462 2587 2769 2653 sermonis
2809 2586 3144 2671 eleyontia,
3196 2596 3264 2656 at
3302 2596 3459 2659 certe
3497 2612 3750 2662 summa
3800 2595 3927 2678 fide
3967 2618 4331 2668 conversae.-

319 2699 894 2786 quorumlabores,
951 2696 1310 2781 sibeniyne
1361 2697 1601 2779 fuerint
1646 2696 1909 2780 excepti,
1966 2694 2311 2779 prodibunt
2360 2695 2506 2807 pec
2565 2697 3699 2788 faventealiaquoquenonpauca
3755 2708 4034 2779 eiusdem
4079 2710 4331 2780 Galoini

319 2808 2562 2890 sunilitcrhtineconversamoximocumpiorumemolumento.
2677 2809 4330 2901 Genetaeae1404u9ustianncafflzristonato

318 2925 413 2991 M.
448 2924 540 2992 D.
584 2923 874 2992 XCIII..
919 2962 923 2967 ·
2621 2976 2626 2983 ·

623 3414 762 3480 Des
818 3414 981 3479 trois
1032 3412 1312 3479 editions
1369 3413 1728 3499 franceises
1787 3411 1868 3478 (16
1925 3430 2032 3479 666
2078 3410 2394 3479 Sermone
2450 3433 2616 3478 116116
2672 3432 2759 3479 116
2800 3412 3157 3496 possedons
3214 3434 3341 3499 que
3396 3413 3495 3482 les
3547 3417 3732 3484 deux·
3785 3419 4139 3502 dernieres,
4197 3424 4323 3491 im-

309 3529 595 3611 primens
652 3535 867 3592 tontes
924 3525 1020 3592 les
1079 3525 1251 3592 deux
1310 3535 1502 3610 apres
1563 3520 1625 3590 la
1682 3532 1861 3589 mort
1917 3522 1997 3589 (16
2041 3522 2299 3590 Oalvin.
2388 3522 2777 3607 Cependant
2832 3545 2917 3591 on
2962 3534 3126 3610 peut
3169 3534 3310 3593 etre
3351 3525 3507 3594 bien
3551 3541 3669 3596 sm·
3709 3551 3836 3615 que
3880 3531 3941 3598 16
3983 3542 4167 3600 texte
4222 3546 4325 3604 est

307 3639 830 3723 identiqucment
873 3637 935 3703 le
977 3647 1193 3703 meme
1236 3657 1363 3720 qne
1407 3636 1571 3703 dans
1625 3636 1916 3703 l'edition
1961 3636 2293 3720 princeps,
2352 3635 2650 3703 devenue
2704 3637 3222 3705 excessivement
3278 3659 3459 3718 rare,
3517 3647 3586 3706 et
3627 3641 3789 3708 dont
3829 3662 3998 3709 nous
4040 3666 4124 3713 116
4166 3667 4325 3714 con·

307 3752 612 3818 naissons
654 3770 778 3834 que
820 3749 925 3815 six
967 3749 1419 3833 exemplaires.
1506 3749 1613 3815 En
1656 3749 1825 3814 voici
1869 3747 2237 3831 cependant
2272 3747 2345 3813 la
2386 3744 2784 3834 description
2839 3751 2951 3833 qui
3007 3770 3176 3816 116116
3219 3771 3261 3816 a
3302 3758 3409 3817 ete
3450 3751 3713 3820 ἔσω-1116
3767 3772 3890 3838 par
3932 3766 4119 3822 notre
4161 3758 4324 3825 cher

309 3872 373 3929 et
416 3863 671 3930 honore
709 3862 842 3928 ami
887 3861 980 3928 Μ.
1025 3863 1088 3927 16
1130 3861 1500 3946 professenr
1540 3860 1803 3977 Nicolas
1846 3859 1930 3926 de
1973 3860 2418 3965 Montauban:

622 4015 936 4085 Sei-mons
971 4018 984 4102 Ι
1022 4018 1125 4087 (16
1138 4017 1231 4085 Μ.
1269 4015 1487 4101 166111
1522 4015 1763 4087 Calain
1804 4036 1920 4083 sur
1960 3962 2026 4083 16
2068 4015 2236 4082 liure
2273 4015 2285 4102 Ι
2320 4014 2406 4083 (16
2445 4014 2458 4101 Ι
2492 4015 2629 4082 Iob.
2672 4015 2685 4104 Ι
2721 4015 3078 4084 Recneillis
3117 3972 3500 4089 fidelement
3544 4017 3625 4091 de
3667 4039 3743 4089 sa
3786 4018 4037 4088 bouche
4078 4021 4262 4091 selon
4303 4023 4316 4112 Ι

306 4139 465 4223 qn’il
510 4138 608 4205 les
646 4137 991 4222 proschoit.
1032 4139 1045 4223 Ι
1081 4140 1157 4204 A
1190 4136 1467 4205 Geneve
1504 4138 1515 4222 Ι
1552 4137 1629 4203 Μ
1651 4135 1718 4200 D
1740 4133 2222 4220 Lxm.(f01.)

615 4292 676 4358 Il
721 4292 834 4373 n’y
877 4314 916 4359 a
958 4312 1075 4377 pas
1118 4288 1498 4358 d’embleme
1541 4290 1623 4357 (16
1667 4291 2104 4378 typograph03
2150 4291 2211 4357 16
2255 4286 2411 4355 titre
2452 4310 2578 4374 que
2624 4310 2793 4356 116116
2836 4310 3091 4357 venons
3136 4290 3217 4357 de
3257 4294 3618 4359 transcrire
3660 4306 3762 4360 est
3804 4294 4102 4361 enferme
4145 4296 4315 4365 dans

307 4426 434 4471 nne
475 4405 665 4490 large
709 4406 1000 4491 vignette
1058 4413 1401 4489 compesce
1445 4403 1641 4470 d'unc
1683 4412 1861 4470 sorte
1905 4405 1988 4469 de
2031 4403 2347 4487 piedestal
2390 4423 2478 4468 611
2523 4401 2603 4467 (16
2645 4403 3159 4484 soubassement,
3217 4410 3674 4489 representans
3728 4424 3812 4471 au
3856 4406 4083 4472 milieu
4128 4407 4209 4475 (16
4250 4408 4318 4475 la

302 4517 574 4602 largeur
618 4516 707 4583 dn
750 4518 905 4582 titre
950 4537 1077 4582 une
1121 4518 1361 4582 femme
1403 4504 1636 4582 tenant
1681 4515 1761 4582 (16
1804 4512 1869 4581 la
1902 4514 2080 4582 main
2127 4512 2334 4582 droite
2379 4534 2471 4580 un
2519 4530 2786 4581 ramean
2829 4514 2911 4582 (16
2953 4515 3216 4609 lanx-ier,
3273 4525 3341 4582 et
3380 4524 3693 4600 reponant
3736 4516 4027 4586 l’avant-
4048 4516 4200 4585 bras
4249 4528 4318 4587 et

301 4628 370 4694 la
410 4629 595 4695 main
640 4629 896 4715 gauche
938 4649 1055 4695 6111·
1096 4649 1189 4695 un
1233 4628 1397 4695 cubo
1440 4636 1711 4712 mai-que
1753 4626 1837 4693 (16
1877 4627 2030 4711 cinq
2087 4627 2289 4713 petits
2346 4627 2590 4694 6616166
2648 4648 2731 4693 611
2788 4628 3167 4711 quinconce.
3257 4628 3448 4695 Cotto
3505 4628 3746 4695 femme
3799 4638 3903 4696 est
3953 4631 4157 4697 assiae
4199 4652 4317 4699 sur

303 4762 392 4806 1111
438 4742 619 4827 siege
661 4740 848 4825 place
890 4761 974 4807 an
1019 4740 1182 4808 hant
1227 4739 1309 4806 de
1352 4741 1455 4806 six
1499 4742 1751 4824 degree.
1839 4740 1901 4805 A
1945 4760 2020 4806 sa
2061 4738 2288 4820 droite,
2339 4739 2506 4804 mais
2547 4739 2698 4823 plus
2742 4738 2856 4805 bas
2898 4734 3156 4825 qn’elle,
3212 4760 3300 4806 611
3344 4740 3485 4805 voit
3527 4760 3662 4808 11116
3704 4749 3893 4807 autre
3945 4741 4187 4810 femme
4229 4762 4314 4810 en

302 4852 495 4936 profi]
554 4861 823 4937 portant
879 4872 1008 4918 une
1068 4852 1311 4941 sphere
1369 4851 1740 4919 armillaire.
1830 4850 1936 4918 De
1993 4851 2246 4936 chaque
2305 4857 2468 4931 cote,
2535 4871 2652 4917 6111·
2694 4849 2790 4917 166
2832 4849 3027 4919 bords
3070 4852 3438 4919 exterieurs
3493 4852 3609 4919 (166
3669 4853 3773 4919 six
3832 4852 4086 4938 degree,
4151 4854 4315 4922 trois

301 4965 568 5050 figures,
626 4972 1086 5049 representant
1142 4960 1238 5031 les
1282 4984 1450 5031 unes
1492 4966 1589 5031 les
1633 4975 1769 5031 arte
1809 4973 1876 5031 et
1921 4964 2019 5030 les
2062 4972 2283 5030 autres
2325 4963 2423 5029 166
2451 4963 2772 5030 66166666.
2859 4963 2964 5030 De
3006 4963 3258 5048 chaque
3316 4972 3460 5032 cote
3513 4964 3594 5032 de
3636 4974 3805 5033 cette
3864 4965 4315 5051 composition,

301 5091 369 5143 ct
410 5078 709 5163 toujours
752 5076 919 5143 dans
952 5076 1017 5144 la
1050 5077 1263 5160 partie
1305 5076 1657 5142 inferienre
1700 5076 1780 5143 (16
1814 5076 1888 5149 la
1930 5097 2119 5163 page,
2159 5076 2207 5141 il
2242 5098 2290 5160 y
2324 5097 2365 5142 a
2401 5074 2577 5140 deux
2621 5074 2987 5160 poi-tiques:
3035 5076 3199 5143 dans
3241 5078 3410 5144 celui
3447 5076 3528 5143 de
3563 5077 3818 5162 gauche
3856 5075 4005 5165 (par
4043 5087 4315 5164 rapport

299 5211 383 5255 an
427 5187 705 5275 lectenr)
761 5210 856 5253 1111
912 5188 1299 5273 philosophe
1355 5209 1528 5274 grec,
1595 5208 1757 5255 avec
1800 5211 1890 5255 un
1935 5189 2105 5256 livre
2148 5209 2300 5255 66116
2345 5186 2406 5253 16
2451 5187 2601 5254 bras
2647 5186 2849 5268 droit3
2917 5186 3081 5256 dans
3139 5188 3310 5255 celui
3368 5188 3450 5254 de
3508 5187 3716 5254 droite
3770 5211 3865 5257 un
3923 5188 4312 5275 philosophe

299 5302 629 5382 moderno,
671 5300 862 5369 coiffe
904 5301 1060 5366 d’un
1105 5300 1398 5387 chapeau
1444 5308 1651 5389 tuyau
1692 5300 1775 5367 (16
1818 5300 2159 5369 cheminee
2203 5308 2246 5367 a
2288 5299 2490 5366 haute
2532 5300 2738 5366 forme
2781 5307 2851 5366 et
2892 5308 3053 5366 orne
3098 5319 3184 5367 an
3228 5322 3351 5368 6611
3394 5300 3590 5367 (1’11116
3632 5300 3945 5369 colerette
3989 5301 4071 5368 (16
4112 5301 4310 5369 fraise
