4792 5917
1910 384 2253 453 NOTIOE
2299 370 3012 453 PRELIMINAIRE.

1229 645 1618 711 mazonoms
1662 643 1845 716 BEZA
1888 666 2263 709 cnms‘rmno
2308 668 2576 711 marom
2619 667 2904 711 amm
2945 669 3025 709 m·
3068 668 3280 711 mmm
3321 668 3365 712 A
3409 647 3696 738 Douma.

771 817 980 898 Quum
1034 816 1200 881 inter
1242 816 1403 882 alios
1441 817 1791 898 scripturae
1842 821 2094 882 sanctae
2148 816 2342 882 libros
2394 818 2515 883 iste
2564 817 2802 901 dialoqi
2851 817 3065 900 forma
3108 819 3397 901 scriptus,
3456 826 3512 886 et
3551 841 3595 885 a
3642 822 3989 903 praecipuo
4045 822 4465 906 colloquutore

457 930 605 998 Iobo
647 928 1120 1013 appfflationem
1160 929 1435 1007 sortitus,
1479 928 1911 1010 quaestionum
1953 949 2113 1010 quae
2153 930 2225 993 in
2261 948 2328 993 eo
2371 933 2723 994 tractantur
2758 929 3087 1013 qravitate‚
3133 936 3188 994 et
3219 932 3654 1014 mysteriorum
3696 952 3857 1015 quae
3900 934 4038 1015 ipso
4080 936 4466 1003 continentur

453 1042 851 1122 sublimitate,
904 1040 1357 1106 sententiarum
1411 1040 1674 1121 denique
1714 1040 1787 1104 in
1829 1040 1998 1104 omni
2038 1060 2264 1122 qenere
2306 1042 2471 1106 vitae
2511 1039 2778 1105 utilitate
2833 1040 3104 1120 excellat,
3161 1041 3490 1108 dolendum
3533 1064 3686 1109 sane
3723 1045 3854 1127 fuit
3888 1041 4063 1112 hunc
4104 1045 4467 1114 thesaurum

455 1155 627 1221 omni
669 1152 1099 1218 aestimatione
1128 1151 1579 1234 pretiosiorem
1624 1150 1927 1216 veteribus
1967 1151 2186 1217 multis
2227 1152 2495 1218 saeculis
2538 1153 2731 1234 quasi
2773 1150 3214 1237 absconditum,
3261 1158 3314 1218 et
3351 1173 3554 1236 prope
3596 1156 4056 1236 infructuosum
4098 1160 4170 1226 in
4212 1161 4469 1227 ecclesia

454 1266 744 1332 iacuisse.
834 1263 983 1329 Etsi
1023 1264 1189 1328 enim
1231 1263 1333 1329 hic
1376 1262 1531 1329 liber
1572 1264 1735 1327 inter
1777 1263 1940 1329 alios
1981 1283 2199 1330 sacros
2242 1282 2488 1344 semper
2529 1263 2781 1329 habitus
2822 1268 2937 1344 est,
2994 1269 3048 1331 et
3100 1265 3382 1345 sparsim
3422 1265 3641 1331 variae
3695 1267 3876 1333 illius
3917 1270 4280 1351 particulae
4322 1281 4470 1339 sunt

453 1401 496 1445 a
537 1377 843 1445 veteribus
886 1375 1183 1457 patribus
1238 1374 1465 1441 citatae
1505 1380 1564 1440 et
1604 1374 1954 1458 explicatae
1969 1426 1984 1453 ‚
2042 1381 2223 1458 atque
2264 1375 2419 1441 adeo
2462 1376 2533 1441 in
2575 1375 2941 1441 christianis
2999 1359 3337 1458 exsequiis,
3384 1382 3603 1459 postea
3656 1378 4039 1446 horrendum
4094 1383 4163 1447 in
4217 1385 4470 1451 modum

454 1490 909 1572 contaminatis,
953 1488 1238 1552 lectiones
1281 1506 1443 1569 quas
1483 1493 1699 1552 vocant
1738 1488 1873 1551 iam
1903 1489 2157 1569 pridem
2191 1489 2455 1570 fuerunt
2493 1508 2571 1552 ex
2604 1487 2713 1554 hoc
2746 1492 2955 1554 nostro
2979 1487 3130 1553 Iobo
3164 1488 3587 1572 depromptae.-
3626 1495 3831 1556 tamen
3865 1513 4057 1574 quum
4089 1497 4474 1577 paucissimi

455 1623 534 1669 esc
571 1602 819 1686 qraecis
858 1598 1152 1683 theoloqis
1208 1598 1371 1663 hunc
1426 1597 1659 1663 librum
1716 1598 1840 1663 sibi
1896 1599 2336 1680 explicandum
2390 1579 2842 1682 proposuerint
2855 1648 2872 1683 ,
2937 1619 3202 1681 quorum
3260 1603 3475 1666 tenuia
3535 1606 3797 1683 exstant,
3854 1607 4124 1687 exceptis
4173 1606 4470 1692 Oriqenis

454 1715 849 1799 quibusdam,
892 1710 1269 1793 fraqmenta,
1313 1710 1802 1792 quotusquisque
1843 1709 2007 1776 hunc
2049 1709 2276 1775 librum
2318 1712 2630 1795 inteqrum
2673 1709 2926 1793 leqebat,
2972 1716 3084 1776 aut
3120 1711 3337 1777 lectum
3370 1712 3745 1798 intelliqebat
3758 1715 3794 1779 ,9
3837 1715 3949 1780 Ex
3972 1717 4231 1784 Latinis
4264 1724 4470 1786 autem

454 1828 686 1892 unicus
726 1844 932 1905 paene
980 1822 1346 1905 Greqorius‚
1404 1819 1666 1886 ultimus
1710 1821 2142 1887 Romanorum
2196 1824 2541 1905 episcopus,
2599 1827 2896 1904 superest,
2958 1824 3028 1889 in
3070 1844 3191 1905 quo
3231 1825 3452 1889 insunt
3493 1827 3771 1908 profecto
3812 1828 4011 1894 multa
4054 1851 4174 1895 non
4216 1838 4474 1898 contem-

453 1938 677 2015 nenda,
724 1936 831 2001 sed
865 1934 1238 2017 plerumque
1271 1952 1545 2015 prorsus
1588 1931 2082 2017 ἀπροσδιόνυσα.
2160 1933 2378 2016 Neque
2421 1935 2494 2000 id
2535 1935 2771 1998 mirum
2813 1935 3021 2000 videri
3063 1936 3231 2001 debet
3269 1938 3339 2001 in
3373 1956 3444 2001 eo
3486 1938 3617 2018 qui,
3660 1942 3731 2002 ut
3771 1939 3904 2003 iam
3947 1945 4079 2005 tum
4122 1948 4258 2007 erat
4299 1948 4475 2008 aetas

452 2050 571 2117 illa
612 2046 904 2129 barbara,
951 2050 1025 2128 et,
1072 2046 1236 2126 quod
1279 2045 1365 2109 ad
1408 2044 1779 2128 linquarum
1819 2047 2222 2130 coqnitionem
2266 2047 2482 2112 attinet
2525 2047 2594 2111 in
2636 2046 2749 2111 hoc
2778 2049 3164 2128 praesertim
3207 2048 3369 2114 libro
3411 2048 3593 2114 valde
3635 2052 4075 2131 necessariam,
4131 2053 4330 2134 plane
4372 2057 4488 2119 in-.

451 2160 629 2244 felix,
674 2178 801 2223 non
832 2159 1043 2239 potuit
1085 2176 1211 2222 non
1253 2157 1325 2220 in
1372 2155 1692 2238 plerisque
1732 2158 2069 2222 caecutire:
2125 2164 2195 2223 ut
2242 2164 2617 2241 perpetuum
2658 2158 2840 2238 illud,
2899 2164 3013 2224 aut
3050 2161 3269 2241 potius
3308 2160 3628 2239 insanum,
3684 2160 4023 2245 alleyorias
4065 2168 4471 2246 consectandi,

444 2273 785 2354 praeterito
827 2290 1007 2351 quem
1047 2273 1261 2333 vocant
1306 2268 1546 2334 literali
1586 2289 1792 2353 sensu,
1858 2270 2134 2334 studium
2194 2272 2728 2353 praetermittam:
2789 2291 2909 2353 quo
2965 2272 3077 2335 via·
3133 2271 3263 2337 dici
3312 2277 3511 2352 potest
3568 2278 3873 2354 quantum
3929 2279 3986 2339 et
4040 2295 4231 2358 quam
4284 2298 4476 2360 qrave

454 2381 685 2450 vulnus
725 2382 923 2462 fuerit
962 2382 1170 2447 sacris
1211 2379 1415 2459 libris,
1461 2381 1628 2461 quod
1671 2382 1757 2447 ad
1800 2382 2056 2447 illorum
2098 2382 2564 2464 intelliqentiam
2607 2382 2842 2466 attinet,
2885 2383 3211 2463 inflictum.
3293 2384 3445 2448 Vere
3488 2384 3685 2467 iyitur
3728 2385 3979 2467 inqens
3999 2391 4055 2451 et
4094 2388 4343 2472 insiqne
4387 2397 4477 2456 est

454 2495 618 2560 illud
668 2494 903 2576 Optimi
945 2491 1231 2557 Maximi
1274 2491 1404 2557 Dei
1443 2491 1800 2575 beneficium
1842 2513 1963 2574 quo
2003 2494 2239 2558 nostris
2283 2495 2429 2559 istis
2474 2494 2846 2576 temporibus
2889 2496 3209 2561 ecclesiam
3251 2496 3469 2578 affecit,
3516 2500 3604 2559 tot
3647 2497 3954 2577 excitatis,
3999 2519 4132 2563 una
4173 2519 4311 2564 cum
4351 2501 4472 2567 lin-

453 2626 746 2692 quarum‚
805 2605 993 2670 etiam
1026 2605 1532 2687 pereyrinarum,
1592 2610 1647 2668 et
1686 2605 1992 2670 bonarum
2034 2606 2270 2670 artium
2312 2606 2668 2689 coqnitione‚
2712 2627 3047 2671 sacrarum
3088 2608 3416 2673 literarum
3451 2607 3828 2673 doctissimis
3870 2610 4341 2691 interpretibus:
4407 2616 4477 2678 in

457 2718 682 2802 quibus
724 2737 845 2782 non
884 2716 1115 2782 iudicii
1159 2735 1433 2791 acumen,
1482 2736 1602 2779 non
1644 2716 1900 2782 docendi
1942 2716 2278 2796 methodus,
2323 2737 2451 2783 non
2492 2718 2823 2801 diliqentia
2865 2718 2936 2782 in
2978 2720 3183 2784 sacris
3224 2719 3663 2798 voluminibus,
3721 2721 3900 2786 modo
3946 2724 4271 2802 perpetuis
4312 2744 4475 2790 com-

457 2830 800 2909 mentariis,
858 2829 1036 2894 modo
1077 2826 1459 2892 brevioribus
1502 2828 1772 2911 scholiis,
1830 2817 2007 2894 modo
2052 2827 2587 2911 paraphrasibus,
2647 2830 2825 2895 modo
2884 2829 3116 2894 habitis
3170 2831 3255 2895 ad
3302 2825 3613 2912 populum
3656 2831 4070 2909 concionibuS,
4123 2837 4477 2946 perspicue

458 2944 717 3025 erudite,
777 2945 999 3018 sancte,
1060 2939 1450 3022 explicandis
1507 2941 1916 3006 desideratur.
2009 2940 2185 3005 Inter
2229 2940 2370 3007 illos
2411 2947 2620 3006 autem
2663 2942 2786 3006 duo
2829 2947 3073 3007 exstant
3113 2944 3276 3007 inter
3319 2947 3584 3007 caeteros
3625 2963 3949 3024 nunquam
3991 2946 4153 3010 satis
4197 2911 4480 3014 laudati:

462 3056 735 3120 Ioannes
789 3053 1096 3117 nimirum
1147 3051 1656 3133 Oecolampodius
1711 3052 1819 3118 ille
1861 3052 2254 3119 Basiliensis
2311 3053 2595 3118 ecclesiae
2649 3054 3021 3120 orthodoxae
3077 3056 3485 3131 instaurator,
3553 3060 3610 3119 et
3653 3054 3927 3121 Ioannes
3979 3056 4087 3122 ille
4131 3056 4476 3144 Mercerus,

459 3165 889 3233 celeberrimus
941 3165 1014 3228 in
1069 3165 1393 3229 academia
1440 3163 1803 3230 Parisiensi
1857 3165 2185 3231 literarum
2245 3165 2678 3230 hebraicarum
2733 3167 3086 3249 professor:
3148 3171 3402 3247 uterque
3457 3166 3545 3230 iis
3601 3166 3893 3232 omnibus
3950 3169 4481 3239 instructissimus

458 3298 617 3362 quae
660 3278 746 3342 ad
789 3296 1003 3342 veram
1042 3280 1099 3338 et
1134 3277 1477 3358 qenuinam
1516 3275 1843 3342 verborum
1886 3295 1959 3342 ac
1999 3279 2452 3343 sententiarum
2494 3278 2982 3360 explicationem,
3029 3279 3100 3346 in
3138 3276 3365 3360 quibus
3387 3276 3661 3342 Hebraei
3704 3280 3896 3343 etiam
3939 3280 4073 3361 ipsi
4116 3281 4481 3365 interpretes

457 3388 831 3471 saepissime
872 3392 1018 3451 sunt
1058 3386 1450 3471 hallucinati,
1494 3389 1921 3469 requiruntur.
2009 3389 2260 3454 Eorum
2303 3395 2510 3454 autem
2553 3394 2610 3454 et
2650 3409 2773 3472 eqo,
2834 3390 3125 3469 quamvis
3165 3389 3443 3470 forsitan
3487 3387 3565 3452 ἐκ
3607 3389 3993 3474 περιουσίας,
4051 3395 4337 3476 vestiqiis
4375 3396 4477 3460 in-

459 3501 706 3579 sistens,
739 3479 975 3580 priora
1015 3500 1264 3580 quidem
1306 3498 1500 3564 huius
1543 3498 1694 3564 libri
1733 3499 2105 3581 difficiliora
2146 3501 2356 3582 capita
2398 3501 2562 3565 iusto
2596 3502 3048 3580 commentario,
3092 3505 3335 3566 caetera
3375 3522 3520 3567 vero
3553 3503 4044 3585 paraphrastice
4082 3507 4300 3571 studui
4336 3506 4479 3572 illu-

458 3618 685 3678 strare.
781 3610 981 3675 Habet
1023 3631 1188 3676 nunc
1245 3612 1444 3694 iqitur
1488 3631 1613 3692 per
1655 3611 1784 3687 Dei
1833 3612 2111 3694 qratiam
2167 3612 2422 3678 ecclesia
2463 3615 2534 3678 in
2577 3612 2768 3678 huius
2811 3610 2962 3677 libri
3005 3612 3276 3690 lectione,
3335 3614 3407 3677 in
3448 3634 3569 3696 quo
3612 3613 3853 3694 alioqui
3895 3637 4107 3681 verum
4151 3637 4281 3682 esse
4322 3639 4478 3684 com-

449 3725 702 3807 peritur
738 3742 1034 3805 qraecum
1074 3722 1238 3787 illud
1269 3724 1692 3804 proverbium,
1738 3722 2028 3788 δύσκολα
2068 3725 2151 3788 τὰ
2193 3722 2388 3807 καλὰ,
2419 3729 2627 3790 certos
2667 3729 2723 3789 et
2755 3725 2916 3806 fidos
2956 3723 3083 3788 sibi
3118 3730 3484 3805 praeeuntes
3526 3726 3729 3804 duces,
3775 3745 3929 3807 quos
3969 3729 4217 3809 sequuti
4259 3730 4331 3794 in
4373 3729 4481 3795 hoc

461 3834 865 3919 quantumvis
907 3817 1255 3916 procelloso
1300 3837 1474 3900 mari
1514 3837 1625 3900 vix
1664 3856 1948 3918 unquam
1989 3838 2060 3901 in
2103 3838 2392 3917 scopulos
2433 3837 2806 3920 impinqant.
2895 3836 2988 3901 At
3030 3837 3213 3916 enim,
3272 3838 3538 3919 inquies,
3597 3838 3804 3903 sacris
3847 3836 4035 3904 libris
4077 3859 4218 3904 cum
4270 3842 4481 3921 fructu

460 3949 533 4013 in
570 3947 821 4013 ecclesia
863 3946 1202 4011 audiendis
1245 3967 1370 4011 non
1412 3952 1651 4012 tantum
1693 3969 1852 4030 opus
1896 3954 1984 4013 est
2023 3969 2238 4014 verum
2282 3948 2538 4014 illorum
2580 3969 2834 4014 sensum
2863 3950 3134 4033 percipi,
3193 3950 3301 4015 sed
3343 3950 3528 4015 etiam
3576 3949 3687 4014 hoc
3729 3949 3825 4015 vel
3870 3952 4218 4035 praecipue
4270 3954 4481 4035 requi-

461 4059 628 4124 ritur
668 4064 754 4135 ut,
812 4059 1330 4140 quemadmodum
1387 4077 1605 4124 nucem
1650 4060 1912 4143 franqat
1954 4066 2184 4141 oportet
2224 4062 2335 4143 qui
2376 4061 2663 4126 nucleum
2706 4080 2836 4125 esse
2880 4061 3028 4139 vult,
3086 4061 3179 4126 sic
3221 4062 3505 4126 doctrina
3546 4062 3710 4143 ipsa,
3769 4061 4070 4143 adhibita,
4127 4069 4320 4144 prout
4374 4086 4480 4131 res

460 4169 687 4246 tulerit,
728 4169 1001 4235 locorum
1042 4170 1462 4234 communium
1506 4173 1824 4237 commoda
1870 4172 2295 4253 explicatione,
2354 4177 2412 4236 et
2452 4174 2925 4237 accommodatis
2963 4172 3266 4256 qravibus
3311 4178 3366 4237 et
3407 4174 3596 4238 seriis
3638 4173 4188 4255 admonitionibuS,
4250 4175 4476 4241 adhor-

459 4281 816 4359 tationibu8‚
877 4280 1421 4362 increpationibus,
1481 4282 2014 4364 consolationibus,
2073 4284 2441 4349 auditorum
2488 4284 2727 4348 animis
2769 4284 3087 4367 infiqatur.
3178 4283 3339 4349 Ecce
3379 4303 3548 4349 nunc
3589 4284 3790 4366 iqitur
3832 4285 3917 4350 ad
3958 4287 4122 4351 duos
4161 4287 4308 4352 illos
4348 4293 4477 4353 tam

458 4391 622 4474 fidos
665 4390 806 4458 Iobi
850 4394 1051 4458 nostri
1102 4393 1467 4475 interpretes
1509 4395 1729 4459 tertius
1771 4396 2003 4461 accedit
2046 4396 2323 4460 Ioannes
2379 4394 2487 4460 ille
2534 4396 2855 4479 Calvinus,
2900 4396 3131 4480 diqnus
3190 4397 3378 4461 etiam
3438 4397 3551 4477 qui
3594 4398 3756 4462 inter
3798 4396 3940 4462 illos
3984 4399 4243 4478 primas
4292 4400 4473 4481 ferat.

468 4504 789 4585 Calvinus,
843 4505 1124 4585 inquam,
1181 4505 1290 4570 ille
1331 4507 1512 4570 cuius
1554 4527 1804 4571 summa
1843 4508 1914 4598 in
1956 4507 2447 4588 interpretandis
2491 4506 2665 4592 fides,
2720 4509 3102 4574 acerrimum
3144 4509 3217 4572 in
3260 4508 3603 4574 asserenda
3645 4510 3900 4574 veritate
3941 4509 4266 4588 iudicium,
4332 4534 4474 4576 eru·

463 4617 622 4682 ditio
665 4617 923 4693 eximia,
979 4616 1307 4700 diligentia
1348 4637 1661 4700 nusquam
1702 4620 2073 4699 dormitans,
2135 4625 2368 4701 quanto
2411 4620 2618 4703 maqis
2659 4642 2702 4685 a
2744 4621 3027 4685 veritatis
3070 4620 3477 4702 adversariis,
3524 4620 3655 4685 sive
3696 4629 3827 4696 τοῖς
3872 4618 4135 4701 ἔξωθεν,
4187 4624 4320 4687 sive
4363 4626 4474 4690 do—

464 4728 755 4808 mesticis,
800 4727 1028 4809 quibus
1071 4748 1395 4810 nunquam
1439 4732 1647 4795 caruit
1690 4732 1961 4810 ecclesia,
2022 4732 2363 4814 impetitur,
2422 4735 2589 4797 tanto
2631 4732 2874 4797 clarius
2917 4733 3159 4808 eminet,
3222 4737 3278 4796 et
3320 4734 3531 4814 maqis
3575 4754 3650 4799 ac
3693 4733 3897 4816 maqis
3939 4734 4104 4799 inter
4144 4755 4283 4800 vere
4326 4739 4478 4818 pios

465 4845 519 4904 et
561 4839 836 4905 eruditos
876 4840 947 4903 in
980 4846 1301 4921 posterum
1345 4843 1649 4908 eminebit.
1749 4844 1926 4924 Quod
1967 4844 2165 4927 iqitur
2208 4842 2309 4907 illi
2351 4843 2475 4908 duo
2519 4843 2588 4906 in
2631 4863 2745 4909 suo
2788 4844 3100 4909 scribendi
3148 4864 3368 4927 qenere
3412 4846 3887 4925 praestiterunt,
3945 4866 4109 4910 nunc
4152 4846 4477 4914 lectoribus

466 4950 671 5017 licebit
722 4970 799 5017 ex
842 4950 949 5016 his
994 4950 1247 5017 Calvini
1290 4952 1596 5019 Homiliis
1655 4956 1740 5020 ad
1780 4976 1970 5020 usum
2011 4976 2201 5020 suum
2243 4956 2618 5037 transferre,
2676 4956 2806 5020 sive
2847 4954 3267 5021 hortatoribus
3310 4956 3394 5020 sit
3438 4955 3572 5022 illis
3619 4976 3805 5036 opus,
3865 4958 3996 5021 sive
4038 4959 4167 5022 sint
4208 4960 4278 5023 in
4320 4962 4478 5027 veri-

463 5064 613 5128 tatis
653 5063 939 5128 doctrina
980 5063 1411 5144 confirmandi,
1456 5066 1588 5131 sive
1617 5067 1948 5150 punqendi
1989 5068 2117 5132 sint
2159 5067 2392 5144 acrius,
2438 5067 2570 5132 sive
2611 5066 3127 5132 consolationibus
3168 5068 3507 5151 indiqeant,
3553 5067 3662 5133 hoc
3680 5121 3684 5126 .
3694 5070 4073 5149 praesertim
4114 5071 4358 5138 saeculo
4405 5060 4477 5138 in

465 5195 586 5255 quo
633 5174 837 5241 Satan
878 5195 1018 5242 cum
1060 5177 1199 5242 suis
1242 5177 1642 5243 administris
1684 5179 1846 5244 nihil
1887 5200 2009 5245 non
2051 5180 2356 5244 adversus
2390 5183 2635 5244 sanctos
2678 5180 2883 5262 audet,
2940 5179 3128 5262 idque
3184 5186 3354 5245 tanto
3411 5200 3551 5246 cum
3601 5198 3888 5246 successu
3940 5186 4010 5245 ut
4059 5202 4226 5248 nunc
4270 5203 4477 5263 paene

465 5285 629 5367 quod
674 5287 1067 5367 praedicitur
1112 5289 1534 5372 Apocalypsis
1571 5293 1678 5368 13,
1728 5296 1771 5354 7
1813 5312 1882 5355 re
1906 5292 2070 5374 ipsa
2122 5291 2506 5373 implendum
2560 5290 2863 5357 videatur.
2952 5291 3064 5356 Ad
3120 5292 3268 5358 haec
3323 5297 3528 5357 autem
3585 5297 3641 5358 et
3696 5291 3860 5357 illud
3915 5293 4148 5359 accedit
4200 5295 4363 5377 quod
4405 5297 4476 5360 in
